
@article{brogan_2015,
  title={THE 2014 ALMA LONG BASELINE CAMPAIGN: FIRST RESULTS FROM HIGH ANGULAR RESOLUTION OBSERVATIONS TOWARD THE HL TAU REGIONThis article is part of the ALMA Long Baseline Campaign collection. An introduction and the full list of articles can be found at http://iopscience. iop. org/2041-8205/page/Focus\_on\_the\_ALMA\_Long\_Baseline\_Campaign.},
  author={Brogan, CL and P{\'e}rez, LM and Hunter, TR and Dent, WRF and Hales, AS and Hills, RE and Corder, S and Fomalont, EB and Vlahakis, C and Asaki, Y and others},
  journal={The Astrophysical Journal Letters},
  volume={808},
  number={1},
  pages={L3},
  year={2015},
  publisher={IOP Publishing}
}

@INPROCEEDINGS{Radford_1998,
  author = {{Radford}, S.~J. and {Holdaway}, M.~A.},
  title = {{Atmospheric conditions at a site for submillimeter-wavelength astronomy}},
  booktitle = {Advanced Technology MMW, Radio, and Terahertz Telescopes},
  year = {1998},
  series = {\procspie},
  volume = {3357},
  editor = {{Phillips}, T.~G.},
  month = {jul},
  pages = {486-494},
  adsurl = {http://adsabs.harvard.edu/abs/1998SPIE.3357..486R},
  adsnote = {Provided by the SAO/NASA Astrophysics Data System},
}


@inproceedings{Masson_1994,
  title = {{Atmospheric effects and calibrations}},
  author = {Masson, COLIN R},
  booktitle = {IAU Colloq. 140: Astronomy with Millimeter and Submillimeter Wave Interferometry},
  volume = {59},
  pages = {87--95},
  year = {1994},
}


@article{Nikolic_2013,
  title = {{Phase correction for ALMA with 183 GHz water vapour radiometers}},
  author = {Nikolic, Bojan and Bolton, Rosie C and Graves, Sarah F and Hills, Richard E and Richer, John S},
  journal = {Astronomy \& Astrophysics},
  volume = {552},
  pages = {A104},
  year = {2013},
  publisher = {EDP Sciences},
}


@INPROCEEDINGS{Lane_1998,
  author = {{Lane}, A.~P.},
  title = {{Submillimeter Transmission at South Pole}},
  booktitle = {Astrophysics From Antarctica},
  year = {1998},
  series = {Astronomical Society of the Pacific Conference Series},
  volume = {141},
  editor = {{Novak}, G. and {Landsberg}, R.},
  pages = {289-295},
  adsurl = {http://adsabs.harvard.edu/abs/1998ASPC..141..289L},
  adsnote = {Provided by the SAO/NASA Astrophysics Data System},
}


@article{Curtis_2009,
  title = {{Atmospheric dispersion and the implications for phase calibration}},
  author = {Curtis, Emily I and Nikolic, Bojan and Richer, John S and Pardo, Juan R},
  journal = {arXiv preprint arXiv:0912.2852},
  year = {2009},
}


@article{hogg_1981,
  title = {{Measurement of excess radio transmission length on earth-space paths}},
  author = {Hogg, DC and Guiraud, FO and Decker, MT},
  journal = {Astronomy and Astrophysics},
  volume = {95},
  pages = {304--307},
  year = {1981},
}


@article{carilli_1997,
  title = {{Application of Fast Switching Phase Calibration at mm Wavelengths on 33 km Baselines}},
  author = {Carilli, CL and Holdaway, MA},
  journal = {MMA/ALMA Memorandum Series No 173, National Radio Astronomy Organisation NRAO},
  year = {1997},
}


@BOOK{Thompson_2001,
  author = {{Thompson}, A.~R. and {Moran}, J.~M. and {Swenson}, Jr., G.~W.},
  title = {{Interferometry and Synthesis in Radio Astronomy, 2nd Edition}},
  booktitle = {Interferometry and synthesis in radio astronomy by A.~Richard Thompson, James M.~Moran, and George W.~Swenson, Jr.~2nd ed.~ New York : Wiley, c2001.xxiii, 692 p.~: ill.~; 25 cm.~A Wiley-Interscience publication.~ISBN :  0471254924},
  year = {2001},
  adsurl = {http://adsabs.harvard.edu/abs/2001isra.book.....T},
  adsnote = {Provided by the SAO/NASA Astrophysics Data System},
}


@misc{Smirnov_Calim_2011,
  author = {O.M. Smirnov},
  title = {{presentation at SKA CALIM workshop:Solving for primary beams, pointing errors, and The Westerbork Wobble, Manchester}},
  year = {25-29 July 2011},
  url = {https://indico.skatelescope.org/event/171/session/9/contribution/20},
  note = {[Online; accessed 13-June-2016]},
}


@article{Pardo_2001,
  doi = {10.1109/8.982447},
  url = {http://dx.doi.org/10.1109/8.982447},
  year = {2001},
  publisher = {Institute of Electrical {\&} Electronics Engineers ({IEEE})},
  volume = {49},
  number = {12},
  pages = {1683--1694},
  author = {J.R. Pardo and J. Cernicharo and E. Serabyn},
  title = {{Atmospheric transmission at microwaves ({ATM}): an improved model for millimeter/submillimeter applications}},
  journal = {{IEEE} Trans. Antennas Propagat.},
}


@article{Falcke_2013,
  doi = {10.1088/0264-9381/30/24/244003},
  url = {http://dx.doi.org/10.1088/0264-9381/30/24/244003},
  year = {2013},
  month = {nov},
  publisher = {{IOP} Publishing},
  volume = {30},
  number = {24},
  pages = {244003},
  author = {H Falcke and S B Markoff},
  title = {{Toward the event horizon{\textemdash}the supermassive black hole in the Galactic Center}},
  journal = {Class. Quantum Grav.},
}



@article{Fish_2011,
  doi = {10.1088/2041-8205/727/2/l36},
  url = {http://dx.doi.org/10.1088/2041-8205/727/2/l36},
  year = {2011},
  month = {jan},
  publisher = {{IOP} Publishing},
  volume = {727},
  number = {2},
  pages = {L36},
  author = {Vincent L. Fish and Sheperd S. Doeleman and Christopher Beaudoin and Ray Blundell and David E. Bolin and Geoffrey C. Bower and Richard Chamberlin and Robert Freund and Per Friberg and Mark A. Gurwell and Mareki Honma and Makoto Inoue and Thomas P. Krichbaum and James Lamb and Daniel P. Marrone and James M. Moran and Tomoaki Oyama and Richard Plambeck and Rurik Primiani and Alan E. E. Rogers and Daniel L. Smythe and Jason SooHoo and Peter Strittmatter and Remo P. J. Tilanus and Michael Titus and Jonathan Weintroub and Melvyn Wright and David Woody and Ken H. Young and Lucy M. Ziurys},
  title = {{1.3 mm {WAVELENGTH} {VLBI} {OF} {SAGITTARIUS} A{$\ast$}: {DETECTION} {OF} {TIME}-{VARIABLE} {EMISSION} {ON} {EVENT} {HORIZON} {SCALES}}},
  journal = {{ApJ}},
}


@article{Treuhaft_1987,
  doi = {10.1029/rs022i002p00251},
  url = {http://dx.doi.org/10.1029/rs022i002p00251},
  year = {1987},
  month = {mar},
  publisher = {Wiley-Blackwell},
  volume = {22},
  number = {2},
  pages = {251--265},
  author = {R. N. Treuhaft and G. E. Lanyi},
  title = {{The effect of the dynamic wet troposphere on radio interferometric measurements}},
  journal = {Radio Sci.},
}


@article{Narayan_1992,
  doi = {10.1098/rsta.1992.0090},
  url = {http://dx.doi.org/10.1098/rsta.1992.0090},
  year = {1992},
  month = {oct},
  publisher = {The Royal Society},
  volume = {341},
  number = {1660},
  pages = {151--165},
  author = {R. Narayan},
  title = {{The Physics of Pulsar Scintillation}},
  journal = {Philosophical Transactions of the Royal Society A: Mathematical Physical and Engineering Sciences},
}


@article{Narayan_1989,
  doi = {10.1093/mnras/238.3.963},
  url = {http://dx.doi.org/10.1093/mnras/238.3.963},
  year = {1989},
  month = {jun},
  publisher = {Oxford University Press ({OUP})},
  volume = {238},
  number = {3},
  pages = {963--994},
  author = {R. Narayan and J. Goodman},
  title = {{The shape of a scatter-broadened image - I. Numerical simulations and physical principles}},
  journal = {Monthly Notices of the Royal Astronomical Society},
}


@article{Goodman_1989,
  doi = {10.1093/mnras/238.3.995},
  url = {http://dx.doi.org/10.1093/mnras/238.3.995},
  year = {1989},
  month = {jun},
  publisher = {Oxford University Press ({OUP})},
  volume = {238},
  number = {3},
  pages = {995--1028},
  author = {J. Goodman and R. Narayan},
  title = {{The shape of a scatter-broadened image - {II}. Interferometric visibilities}},
  journal = {Monthly Notices of the Royal Astronomical Society},
}


@article{Johnson_2015a,
  doi = {10.1088/0004-637x/805/2/180},
  url = {http://dx.doi.org/10.1088/0004-637x/805/2/180},
  year = {2015},
  month = {jun},
  publisher = {{IOP} Publishing},
  volume = {805},
  number = {2},
  pages = {180},
  author = {Michael D. Johnson and Carl R. Gwinn},
  title = {{{THEORY} {AND} {SIMULATIONS} {OF} {REFRACTIVE} {SUBSTRUCTURE} {IN} {RESOLVED} {SCATTER}-{BROADENED} {IMAGES}}},
  journal = {{ApJ}},
}


@article{Carilli_1999,
  doi = {10.1029/1999rs900048},
  url = {http://dx.doi.org/10.1029/1999rs900048},
  year = {1999},
  month = {jul},
  publisher = {Wiley-Blackwell},
  volume = {34},
  number = {4},
  pages = {817--840},
  author = {C. L. Carilli and M. A. Holdaway},
  title = {{Tropospheric phase calibration in millimeter interferometry}},
  journal = {Radio Sci.},
}


@article{Rogers_1995,
  doi = {10.1086/117371},
  url = {http://dx.doi.org/10.1086/117371},
  year = {1995},
  month = {mar},
  publisher = {{IOP} Publishing},
  volume = {109},
  pages = {1391},
  author = {Alan E. E. Rogers and Sheperd S. Doeleman and James M. Moran},
  title = {{Fringe detection methods for very long baseline arrays}},
  journal = {The Astronomical Journal},
}


@article{Doeleman_2001,
  doi = {10.1086/320376},
  url = {http://dx.doi.org/10.1086/320376},
  year = {2001},
  month = {may},
  publisher = {{IOP} Publishing},
  volume = {121},
  number = {5},
  pages = {2610--2617},
  author = {S. S. Doeleman and Z.-Q. Shen and A. E. E. Rogers and G. C. Bower and M. C. H. Wright and J. H. Zhao and D. C. Backer and J. W. Crowley and R. W. Freund and P. T. P. Ho and K. Y. Lo and D. P. Woody},
  title = {{Structure of Sagittarius A{$\ast$} at 86 {GH}[{CLC}]z[/{CLC}] using {VLBI} Closure Quantities}},
  journal = {The Astronomical Journal},
}


@article{Lane_1992,
  doi = {10.1088/0959-7174/2/3/003},
  url = {http://dx.doi.org/10.1088/0959-7174/2/3/003},
  year = {1992},
  month = {jul},
  publisher = {Informa {UK} Limited},
  volume = {2},
  number = {3},
  pages = {209--224},
  author = {R G Lane and A Glindemann and J C Dainty},
  title = {{Simulation of a Kolmogorov phase screen}},
  journal = {Waves in Random Media},
}


@article{Monnier_2007,
  doi = {10.1016/j.newar.2007.06.006},
  url = {http://dx.doi.org/10.1016/j.newar.2007.06.006},
  year = {2007},
  month = {oct},
  publisher = {Elsevier {BV}},
  volume = {51},
  number = {8-9},
  pages = {604--616},
  author = {John D. Monnier},
  title = {{Phases in interferometry}},
  journal = {New Astronomy Reviews},
}


@article{Lay_1997,
  doi = {10.1051/aas:1997154},
  url = {http://dx.doi.org/10.1051/aas:1997154},
  year = {1997},
  month = {may},
  publisher = {{EDP} Sciences},
  volume = {122},
  number = {3},
  pages = {535--545},
  author = {O. P. Lay},
  title = {{The temporal power spectrum of atmospheric fluctuations due to water vapor}},
  journal = {Astronomy and Astrophysics Supplement Series},
}


@article{Serabyn_1998,
  doi = {10.1364/ao.37.002185},
  url = {http://dx.doi.org/10.1364/ao.37.002185},
  year = {1998},
  month = {apr},
  publisher = {The Optical Society},
  volume = {37},
  number = {12},
  pages = {2185},
  author = {E. Serabyn and E. W. Weisstein and D. C. Lis and J. R. Pardo},
  title = {{Submillimeter Fourier-transform spectrometer measurements of atmospheric opacity above Mauna Kea}},
  journal = {Appl. Opt.},
}


@incollection{BORN_1980,
  doi = {10.1016/b978-0-08-026482-0.50010-4},
  url = {http://dx.doi.org/10.1016/b978-0-08-026482-0.50010-4},
  year = {1980},
  publisher = {Elsevier {BV}},
  pages = {109--132},
  author = {Max Born and Emil Wolf},
  title = {{{FOUNDATIONS} {OF} {GEOMETRICAL} {OPTICS}}},
  booktitle = {Principles of Optics},
}


@article{Smirnov_2011a,
  author = {Smirnov, O. M.},
  title = {{Revisiting the radio interferometer measurement equation}},
  doi = {10.1051/0004-6361/201016082},
  url = {http://dx.doi.org/10.1051/0004-6361/201016082},
  journal = {A&A},
  year = {2011},
  volume = {527},
  pages = {A106},
  month = {},
}


@article{Smirnov_2011b,
  author = {Smirnov, O. M.},
  title = {{Revisiting the radio interferometer measurement equation}},
  doi = {10.1051/0004-6361/201116434},
  url = {http://dx.doi.org/10.1051/0004-6361/201116434},
  journal = {A&A},
  year = {2011},
  volume = {527},
  pages = {A107},
  month = {},
}


@article{Smirnov_2011c,
  author = {Smirnov, O. M.},
  title = {{Revisiting the radio interferometer measurement equation}},
  doi = {10.1051/0004-6361/201116435},
  url = {http://dx.doi.org/10.1051/0004-6361/201116435},
  journal = {A&A},
  year = {2011},
  volume = {527},
  pages = {A108},
  month = {},
}


@article{Bower_2006,
  doi = {10.1086/508019},
  url = {http://dx.doi.org/10.1086/508019},
  year = {2006},
  month = {aug},
  publisher = {{IOP} Publishing},
  volume = {648},
  number = {2},
  pages = {L127--L130},
  author = {Geoffrey C. Bower and W. M. Goss and Heino Falcke and Donald C. Backer and Yoram Lithwick},
  title = {{The Intrinsic Size of Sagittarius A{$\ast$} from 0.35 to 6 cm}},
  journal = {{ApJ}},
}


@article{Gwinn_2014,
  doi = {10.1088/2041-8205/794/1/l14},
  url = {http://dx.doi.org/10.1088/2041-8205/794/1/l14},
  year = {2014},
  month = {sep},
  publisher = {{IOP} Publishing},
  volume = {794},
  number = {1},
  pages = {L14},
  author = {C. R. Gwinn and Y. Y. Kovalev and M. D. Johnson and V. A. Soglasnov},
  title = {{{DISCOVERY} {OF} {SUBSTRUCTURE} {IN} {THE} {SCATTER}-{BROADENED} {IMAGE} {OF} {SGR} A{$\ast$}}},
  journal = {{ApJ}},
}


@article{Armstrong_1995,
  doi = {10.1086/175515},
  url = {http://dx.doi.org/10.1086/175515},
  year = {1995},
  month = {apr},
  publisher = {{IOP} Publishing},
  volume = {443},
  pages = {209},
  author = {J. W. Armstrong and B. J. Rickett and S. R. Spangler},
  title = {{Electron density power spectrum in the local interstellar medium}},
  journal = {{ApJ}},
}


@article{Bower_2013,
  doi = {10.1088/2041-8205/780/1/l2},
  url = {http://dx.doi.org/10.1088/2041-8205/780/1/l2},
  year = {2013},
  month = {dec},
  publisher = {{IOP} Publishing},
  volume = {780},
  number = {1},
  pages = {L2},
  author = {Geoffrey C. Bower and Adam Deller and Paul Demorest and Andreas Brunthaler and Ralph Eatough and Heino Falcke and Michael Kramer and K. J. Lee and Laura Spitler},
  title = {{{THE} {ANGULAR} {BROADENING} {OF} {THE} {GALACTIC} {CENTER} {PULSAR} {SGR} J1745-29: A {NEW} {CONSTRAINT} {ON} {THE} {SCATTERING} {MEDIUM}}},
  journal = {{ApJ}},
}


@article{Broderick_2014,
  doi = {10.1088/0004-637x/784/1/7},
  url = {http://dx.doi.org/10.1088/0004-637x/784/1/7},
  year = {2014},
  month = {feb},
  publisher = {{IOP} Publishing},
  volume = {784},
  number = {1},
  pages = {7},
  author = {Avery E. Broderick and Tim Johannsen and Abraham Loeb and Dimitrios Psaltis},
  title = {{{TESTING} {THE} {NO}-{HAIR} {THEOREM} {WITH} {EVENT} {HORIZON} {TELESCOPE} {OBSERVATIONS} {OF} {SAGITTARIUS} A{$\ast$}}},
  journal = {{ApJ}},
}


@article{Lu_2014,
  doi = {10.1088/0004-637x/788/2/120},
  url = {http://dx.doi.org/10.1088/0004-637x/788/2/120},
  year = {2014},
  month = {may},
  publisher = {{IOP} Publishing},
  volume = {788},
  number = {2},
  pages = {120},
  author = {Ru-Sen Lu and Avery E. Broderick and Fabien Baron and John D. Monnier and Vincent L. Fish and Sheperd S. Doeleman and Victor Pankratius},
  title = {{{IMAGING} {THE} {SUPERMASSIVE} {BLACK} {HOLE} {SHADOW} {AND} {JET} {BASE} {OF} M87 {WITH} {THE} {EVENT} {HORIZON} {TELESCOPE}}},
  journal = {{ApJ}},
}


@article{Noordam_2010,
  doi = {10.1051/0004-6361/201015013},
  url = {http://dx.doi.org/10.1051/0004-6361/201015013},
  year = {2010},
  month = {nov},
  publisher = {{EDP} Sciences},
  volume = {524},
  pages = {A61},
  author = {J. E. Noordam and O. M. Smirnov},
  title = {{The {MeqTrees} software system and its use for third-generation calibration of radio interferometers}},
  journal = {Astronomy {\&} Astrophysics},
}


@article{Hamaker_1996,
  doi = {10.1051/aas:1996146},
  url = {http://dx.doi.org/10.1051/aas:1996146},
  year = {1996},
  month = {may},
  publisher = {{EDP} Sciences},
  volume = {117},
  number = {1},
  pages = {137--147},
  author = {J. P. Hamaker and J. D. Bregman and R. J. Sault},
  title = {{Understanding radio polarimetry. I. Mathematical foundations}},
  journal = {Astronomy and Astrophysics Supplement Series},
}


@article{Doeleman_2008,
  doi = {10.1038/nature07245},
  url = {http://dx.doi.org/10.1038/nature07245},
  year = {2008},
  month = {sep},
  publisher = {Nature Publishing Group},
  volume = {455},
  number = {7209},
  pages = {78--80},
  author = {Sheperd S. Doeleman and Jonathan Weintroub and Alan E. E. Rogers and Richard Plambeck and Robert Freund and Remo P. J. Tilanus and Per Friberg and Lucy M. Ziurys and James M. Moran and Brian Corey and Ken H. Young and Daniel L. Smythe and Michael Titus and Daniel P. Marrone and Roger J. Cappallo and Douglas C.-J. Bock and Geoffrey C. Bower and Richard Chamberlin and Gary R. Davis and Thomas P. Krichbaum and James Lamb and Holly Maness and Arthur E. Niell and Alan Roy and Peter Strittmatter and Daniel Werthimer and Alan R. Whitney and David Woody},
  title = {{Event-horizon-scale structure in the supermassive black hole candidate at the Galactic Centre}},
  journal = {Nature},
}


@article{Broderick_2016,
  doi = {10.3847/0004-637x/820/2/137},
  url = {http://dx.doi.org/10.3847/0004-637x/820/2/137},
  year = {2016},
  month = {mar},
  publisher = {American Astronomical Society},
  volume = {820},
  number = {2},
  pages = {137},
  author = {Avery E. Broderick and Vincent L. Fish and Michael D. Johnson and Katherine Rosenfeld and Carlos Wang and Sheperd S. Doeleman and Kazunori Akiyama and Tim Johannsen and Alan L. Roy},
  title = {{{MODELING} {SEVEN} {YEARS} {OF} {EVENT} {HORIZON} {TELESCOPE} {OBSERVATIONS} {WITH} {RADIATIVELY} {INEFFICIENT} {ACCRETION} {FLOW} {MODELS}}},
  journal = {{ApJ}},
}


@ARTICLE{2015arXiv151201413B,
  author = {{Bouman}, K.~L. and {Johnson}, M.~D. and {Zoran}, D. and {Fish}, V.~L. and {Doeleman}, S.~S. and {Freeman}, W.~T.},
  title = {{Computational Imaging for VLBI Image Reconstruction}},
  journal = {ArXiv e-prints},
  archiveprefix = {arXiv},
  eprint = {1512.01413},
  primaryclass = {astro-ph.IM},
  keywords = {Astrophysics - Instrumentation and Methods for Astrophysics, Astrophysics - Astrophysics of Galaxies, Computer Science - Computer Vision and Pattern Recognition, I.4, I.4.5, I.4.4, G.1.8, J.2},
  year = {2015},
  month = {dec},
  adsurl = {http://adsabs.harvard.edu/abs/2015arXiv151201413B},
  adsnote = {Provided by the SAO/NASA Astrophysics Data System},
}


@article{Fish_2014,
  doi = {10.1088/0004-637x/795/2/134},
  url = {http://dx.doi.org/10.1088/0004-637x/795/2/134},
  year = {2014},
  month = {oct},
  publisher = {{IOP} Publishing},
  volume = {795},
  number = {2},
  pages = {134},
  author = {Vincent L. Fish and Michael D. Johnson and Ru-Sen Lu and Sheperd S. Doeleman and Katherine L. Bouman and Daniel Zoran and William T. Freeman and Dimitrios Psaltis and Ramesh Narayan and Victor Pankratius and Avery E. Broderick and Carl R. Gwinn and Laura E. Vertatschitsch},
  title = {{{IMAGING} {AN} {EVENT} {HORIZON}: {MITIGATION} {OF} {SCATTERING} {TOWARD} {SAGITTARIUS} A{$\ast$}}},
  journal = {{ApJ}},
}


@INPROCEEDINGS{2009astro2010S..68D,
  author = {{Doeleman}, S. and {Agol}, E. and {Backer}, D. and {Baganoff}, F. and {Bower}, G.~C. and {Broderick}, A. and {Fabian}, A. and {Fish}, V. and {Gammie}, C. and {Ho}, P. and {Honman}, M. and {Krichbaum}, T. and {Loeb}, A. and {Marrone}, D. and {Reid}, M. and {Rogers}, A. and {Shapiro}, I. and {Strittmatter}, P. and {Tilanus}, R. and {Weintroub}, J. and {Whitney}, A. and {Wright}, M. and {Ziurys}, L.},
  title = {{Imaging an Event Horizon: submm-VLBI of a Super Massive Black Hole}},
  booktitle = {astro2010: The Astronomy and Astrophysics Decadal Survey},
  year = {2009},
  series = {Astronomy},
  volume = {2010},
  archiveprefix = {arXiv},
  eprint = {0906.3899},
  primaryclass = {astro-ph.CO},
  adsurl = {http://adsabs.harvard.edu/abs/2009astro2010S..68D},
  adsnote = {Provided by the SAO/NASA Astrophysics Data System},
}


@article{Serabyn_1997,
  doi = {10.1086/311010},
  url = {http://dx.doi.org/10.1086/311010},
  year = {1997},
  month = {nov},
  publisher = {{IOP} Publishing},
  volume = {490},
  number = {1},
  pages = {L77--L81},
  author = {E. Serabyn and J. Carlstrom and O. Lay and D. C. Lis and T. R. Hunter and J. H. Lacy and R. E. Hills},
  title = {{High-Frequency Measurements of the Spectrum of Sagittarius A{$\ast$}}},
  journal = {The Astrophysical Journal},
}


@article{Falcke_1998,
  doi = {10.1086/305687},
  url = {http://dx.doi.org/10.1086/305687},
  year = {1998},
  month = {jun},
  publisher = {{IOP} Publishing},
  volume = {499},
  number = {2},
  pages = {731--734},
  author = {Heino Falcke and W. M. Goss and Hiroshi Matsuo and Peter Teuben and Jun-Hui Zhao and Robert Zylka},
  title = {{The Simultaneous Spectrum of Sagittarius A{$\ast$} from 20 Centimeters to 1 Millimeter and the Nature of the Millimeter Excess}},
  journal = {{ApJ}},
}


@inproceedings{Kaercher_2000,
  doi = {10.1117/12.390407},
  url = {http://dx.doi.org/10.1117/12.390407},
  year = {2000},
  month = {jul},
  publisher = {{SPIE}-Intl Soc Optical Eng},
  author = {Hans J. Kaercher and Jacob W. M. Baars},
  editor = {Harvey R. Butcher},
  title = {{Design of the Large Millimeter Telescope/Gran Telescopio Millimetrico ({LMT}/{GTM})}},
  booktitle = {Radio Telescopes},
}


@article{Popping_2008,
  doi = {10.1051/0004-6361:20079122},
  url = {http://dx.doi.org/10.1051/0004-6361:20079122},
  year = {2008},
  month = {mar},
  publisher = {{EDP} Sciences},
  volume = {479},
  number = {3},
  pages = {903--913},
  author = {A. Popping and R. Braun},
  title = {{The standing wave phenomenon in radio telescopes}},
  journal = {Astronomy and Astrophysiscs},
}


@article{Psaltis_2016,
  doi = {10.3847/0004-637x/818/2/121},
  url = {http://dx.doi.org/10.3847/0004-637x/818/2/121},
  year = {2016},
  month = {feb},
  publisher = {American Astronomical Society},
  volume = {818},
  number = {2},
  pages = {121},
  author = {Dimitrios Psaltis and Norbert Wex and Michael Kramer},
  title = {{A {QUANTITATIVE} {TEST} {OF} {THE} {NO}-{HAIR} {THEOREM} {WITH} Sgr A{$\ast$} {USING} {STARS} {PULSARS} {AND} {THE} {EVENT} {HORIZON} {TELESCOPE}}},
  journal = {{ApJ}},
}


@article{Coulman_1985,
  doi = {10.1146/annurev.aa.23.090185.000315},
  url = {http://dx.doi.org/10.1146/annurev.aa.23.090185.000315},
  year = {1985},
  month = {sep},
  publisher = {Annual Reviews},
  volume = {23},
  number = {1},
  pages = {19--57},
  author = {C. E. Coulman},
  title = {{Fundamental and Applied Aspects of Astronomical {\textquotedblleft}Seeing{\textquotedblright}}},
  journal = {Annual Review of Astronomy and Astrophysics},
}


@article{Fish_2016,
  doi = {10.3847/0004-637x/820/2/90},
  url = {http://dx.doi.org/10.3847/0004-637x/820/2/90},
  year = {2016},
  month = {mar},
  publisher = {American Astronomical Society},
  volume = {820},
  number = {2},
  pages = {90},
  author = {Vincent L. Fish and Michael D. Johnson and Sheperd S. Doeleman and Avery E. Broderick and Dimitrios Psaltis and Ru-Sen Lu and Kazunori Akiyama and Walter Alef and Juan Carlos Algaba and Keiichi Asada and Christopher Beaudoin and Alessandra Bertarini and Lindy Blackburn and Ray Blundell and Geoffrey C. Bower and Christiaan Brinkerink and Roger Cappallo and Andrew A. Chael and Richard Chamberlin and Chi-Kwan Chan and Geoffrey B. Crew and Jason Dexter and Matt Dexter and Sergio A. Dzib and Heino Falcke and Robert Freund and Per Friberg and Christopher H. Greer and Mark A. Gurwell and Paul T. P. Ho and Mareki Honma and Makoto Inoue and Tim Johannsen and Junhan Kim and Thomas P. Krichbaum and James Lamb and Jonathan Le{\'{o}}n-Tavares and Abraham Loeb and Laurent Loinard and David MacMahon and Daniel P. Marrone and James M. Moran and Monika Mo{\'{s}}cibrodzka and Gisela N. Ortiz-Le{\'{o}}n and Tomoaki Oyama and Feryal Özel and Richard L. Plambeck and Nicolas Pradel and Rurik A. Primiani and Alan E. E. Rogers and Katherine Rosenfeld and Helge Rottmann and Alan L. Roy and Chester Ruszczyk and Daniel L. Smythe and Jason SooHoo and Justin Spilker and Jordan Stone and Peter Strittmatter and Remo P. J. Tilanus and Michael Titus and Laura Vertatschitsch and Jan Wagner and John F. C. Wardle and Jonathan Weintroub and David Woody and Melvyn Wright and Paul Yamaguchi and Andr{\'{e}} Young and Ken H. Young and J. Anton Zensus and Lucy M. Ziurys},
  title = {{{PERSISTENT} {ASYMMETRIC} {STRUCTURE} {OF} {SAGITTARIUS} A{$\ast$} {ON} {EVENT} {HORIZON} {SCALES}}},
  journal = {{ApJ}},
}


@article{Johnson_2015b,
  doi = {10.1126/science.aac7087},
  url = {http://dx.doi.org/10.1126/science.aac7087},
  year = {2015},
  month = {dec},
  publisher = {American Association for the Advancement of Science ({AAAS})},
  volume = {350},
  number = {6265},
  pages = {1242--1245},
  author = {M. D. Johnson and V. L. Fish and S. S. Doeleman and D. P. Marrone and R. L. Plambeck and J. F. C. Wardle and K. Akiyama and K. Asada and C. Beaudoin and L. Blackburn and R. Blundell and G. C. Bower and C. Brinkerink and A. E. Broderick and R. Cappallo and A. A. Chael and G. B. Crew and J. Dexter and M. Dexter and R. Freund and P. Friberg and R. Gold and M. A. Gurwell and P. T. P. Ho and M. Honma and M. Inoue and M. Kosowsky and T. P. Krichbaum and J. Lamb and A. Loeb and R.-S. Lu and D. MacMahon and J. C. McKinney and J. M. Moran and R. Narayan and R. A. Primiani and D. Psaltis and A. E. E. Rogers and K. Rosenfeld and J. SooHoo and R. P. J. Tilanus and M. Titus and L. Vertatschitsch and J. Weintroub and M. Wright and K. H. Young and J. A. Zensus and L. M. Ziurys},
  title = {{Resolved magnetic-field structure and variability near the event horizon of Sagittarius A}},
  journal = {Science},
}


@article{Broderick_2009,
  doi = {10.1088/0004-637x/697/2/1164},
  url = {http://dx.doi.org/10.1088/0004-637x/697/2/1164},
  year = {2009},
  month = {may},
  publisher = {{IOP} Publishing},
  volume = {697},
  number = {2},
  pages = {1164--1179},
  author = {Avery E. Broderick and Abraham Loeb},
  title = {{{IMAGING} {THE} {BLACK} {HOLE} {SILHOUETTE} {OF} M87: {IMPLICATIONS} {FOR} {JET} {FORMATION} {AND} {BLACK} {HOLE} {SPIN}}},
  journal = {{ApJ}},
}


@article{Doeleman_2009,
  doi = {10.1088/0004-637x/695/1/59},
  url = {http://dx.doi.org/10.1088/0004-637x/695/1/59},
  year = {2009},
  month = {mar},
  publisher = {{IOP} Publishing},
  volume = {695},
  number = {1},
  pages = {59--74},
  author = {Sheperd S. Doeleman and Vincent L. Fish and Avery E. Broderick and Abraham Loeb and Alan E. E. Rogers},
  title = {{{DETECTING} {FLARING} {STRUCTURES} {IN} {SAGITTARIUS} A{$\ast$} {WITH} {HIGH}-{FREQUENCY} {VLBI}}},
  journal = {{ApJ}},
}


@ARTICLE{2016arXiv160106571O,
  author = {{Ortiz-Le{\'o}n}, G.~N. and {Johnson}, M.~D. and {Doeleman}, S.~S. and {Blackburn}, L. and {Fish}, V.~L. and {Loinard}, L. and {Reid}, M.~J. and {Castillo}, E. and {Chael}, A.~A. and {Hern{\'a}ndez-G{\'o}mez}, A. and {Hughes}, D. and {Le{\'o}n-Tavares}, J. and {Lu}, R.-S. and {Monta{\~n}a}, A. and {Narayanan}, G. and {Rosenfeld}, K. and {S{\'a}nchez}, D. and {Schloerb}, F.~P. and {Shen}, Z.-q. and {Shiokawa}, H. and {SooHoo}, J. and {Vertatschitsch}, L.},
  title = {{The Intrinsic Shape of Sagittarius A* at 3.5-mm Wavelength}},
  journal = {ArXiv e-prints},
  archiveprefix = {arXiv},
  eprint = {1601.06571},
  keywords = {Astrophysics - Astrophysics of Galaxies, Astrophysics - High Energy Astrophysical Phenomena, Astrophysics - Instrumentation and Methods for Astrophysics},
  year = {2016},
  month = {jan},
  adsurl = {http://adsabs.harvard.edu/abs/2016arXiv160106571O},
  adsnote = {Provided by the SAO/NASA Astrophysics Data System},
}
