
\bibitem[\protect\citeauthoryear{Goddi et al.}{2016}]{2016arXiv160608879G} Goddi C., et al., 2016, arXiv, arXiv:1606.08879 


\bibitem[\protect\citeauthoryear{Ortiz-Le{\'o}n et al.}{2016}]{2016ApJ...824...40O} Ortiz-Le{\'o}n G.~N., et al., 2016, ApJ, 824, 40 


\bibitem[\protect\citeauthoryear{Broderick et al.}{2016}]{2016ApJ...820..137B} Broderick A.~E., et al., 2016, ApJ, 820, 137 


\bibitem[\protect\citeauthoryear{Fish et al.}{2016}]{2016ApJ...820...90F} Fish V.~L., et al., 2016, ApJ, 820, 90 


\bibitem[\protect\citeauthoryear{Kim et al.}{2016}]{2016arXiv160200692K} Kim J., Marrone D.~P., Chan C.-k., Medeiros L., Ozel F., Psaltis D., 2016, arXiv, arXiv:1602.00692 


\bibitem[\protect\citeauthoryear{Psaltis et al.}{2015}]{2015ApJ...814..115P} Psaltis D., {\"O}zel F., Chan C.-K., Marrone D.~P., 2015, ApJ, 814, 115 


\bibitem[\protect\citeauthoryear{ALMA Partnership et al.}{2015}]{2015ApJ...808L...3A} ALMA Partnership, et al., 2015, ApJ, 808, L3 


\bibitem[\protect\citeauthoryear{Lochner et al.}{2015}]{2015MNRAS.450.1308L} Lochner M., Natarajan I., Zwart J.~T.~L., Smirnov O., Bassett B.~A., Oozeer N., Kunz M., 2015, MNRAS, 450, 1308 


\bibitem[\protect\citeauthoryear{Johnson \& Gwinn}{2015}]{2015ApJ...805..180J} Johnson M.~D., Gwinn C.~R., 2015, ApJ, 805, 180 


\bibitem[\protect\citeauthoryear{Brinkerink et al.}{2015}]{2015A&A...576A..41B} Brinkerink C.~D., et al., 2015, A\&A, 576, A41 


\bibitem[\protect\citeauthoryear{Fish et al.}{2014}]{2014ApJ...795..134F} Fish V.~L., et al., 2014, ApJ, 795, 134 


\bibitem[\protect\citeauthoryear{Gwinn et al.}{2014}]{2014ApJ...794L..14G} Gwinn C.~R., Kovalev Y.~Y., Johnson M.~D., Soglasnov V.~A., 2014, ApJ, 794, L14 


\bibitem[\protect\citeauthoryear{Johnson et al.}{2014}]{2014ApJ...794..150J} Johnson M.~D., Fish V.~L., Doeleman S.~S., Broderick A.~E., Wardle J.~F.~C., Marrone D.~P., 2014, ApJ, 794, 150 


\bibitem[\protect\citeauthoryear{Mo{\'s}cibrodzka et al.}{2014}]{2014A&A...570A...7M} Mo{\'s}cibrodzka M., Falcke H., Shiokawa H., Gammie C.~F., 2014, A\&A, 570, A7 


\bibitem[\protect\citeauthoryear{Bower et al.}{2014}]{2014ApJ...780L...2B} Bower G.~C., et al., 2014, ApJ, 780, L2 


\bibitem[\protect\citeauthoryear{Mo{\'s}cibrodzka \& Falcke}{2013}]{2013A&A...559L...3M} Mo{\'s}cibrodzka M., Falcke H., 2013, A\&A, 559, L3 


\bibitem[\protect\citeauthoryear{Broderick et al.}{2011}]{2011ApJ...738...38B} Broderick A.~E., Fish V.~L., Doeleman S.~S., Loeb A., 2011, ApJ, 738, 38 


\bibitem[\protect\citeauthoryear{Fish et al.}{2011}]{2011ApJ...727L..36F} Fish V.~L., et al., 2011, ApJ, 727, L36 


\bibitem[\protect\citeauthoryear{Lu et al.}{2011}]{2011A&A...525A..76L} Lu R.-S., Krichbaum T.~P., Eckart A., K{\"o}nig S., Kunneriath D., Witzel G., Witzel A., Zensus J.~A., 2011, A\&A, 525, A76 


\bibitem[\protect\citeauthoryear{Johannsen \& Psaltis}{2010}]{2010ApJ...718..446J} Johannsen T., Psaltis D., 2010, ApJ, 718, 446 


\bibitem[\protect\citeauthoryear{Dexter et al.}{2010}]{2010ApJ...717.1092D} Dexter J., Agol E., Fragile P.~C., McKinney J.~C., 2010, ApJ, 717, 1092 


\bibitem[\protect\citeauthoryear{Curtis et al.}{2009}]{2009arXiv0912.2852C} Curtis E.~I., Nikolic B., Richer J.~S., Pardo J.~R., 2009, arXiv, arXiv:0912.2852 


\bibitem[\protect\citeauthoryear{Gillessen et al.}{2009}]{2009ApJ...707L.114G} Gillessen S., Eisenhauer F., Fritz T.~K., Bartko H., Dodds-Eden K., Pfuhl O., Ott T., Genzel R., 2009, ApJ, 707, L114 


\bibitem[\protect\citeauthoryear{Fish et al.}{2009}]{2009ApJ...706.1353F} Fish V.~L., Doeleman S.~S., Broderick A.~E., Loeb A., Rogers A.~E.~E., 2009, ApJ, 706, 1353 


\bibitem[\protect\citeauthoryear{Broderick \& Loeb}{2009}]{2009ApJ...697.1164B} Broderick A.~E., Loeb A., 2009, ApJ, 697, 1164 


\bibitem[\protect\citeauthoryear{Doeleman et al.}{2009}]{2009ApJ...695...59D} Doeleman S.~S., Fish V.~L., Broderick A.~E., Loeb A., Rogers A.~E.~E., 2009, ApJ, 695, 59 


\bibitem[\protect\citeauthoryear{Broderick}{2009}]{2009AAS...21332805B} Broderick A., 2009, AAS, 41, 328.05 


\bibitem[\protect\citeauthoryear{Meyer et al.}{2008}]{2008ApJ...688L..17M} Meyer L., Do T., Ghez A., Morris M.~R., Witzel G., Eckart A., B{\'e}langer G., Sch{\"o}del R., 2008, ApJ, 688, L17 


\bibitem[\protect\citeauthoryear{Doeleman et al.}{2008}]{2008Natur.455...78D} Doeleman S.~S., et al., 2008, Natur, 455, 78 


\bibitem[\protect\citeauthoryear{Marrone et al.}{2008}]{2008ApJ...682..373M} Marrone D.~P., et al., 2008, ApJ, 682, 373-383 


\bibitem[\protect\citeauthoryear{B{\'e}langer et al.}{2006}]{2006JPhCS..54..420B} B{\'e}langer G., Terrier R., de Jager O.~C., Goldwurm A., Melia F., 2006, JPhCS, 54, 420 


\bibitem[\protect\citeauthoryear{Krichbaum et al.}{2006}]{2006JPhCS..54..328K} Krichbaum T.~P., Graham D.~A., Bremer M., Alef W., Witzel A., Zensus J.~A., Eckart A., 2006, JPhCS, 54, 328 


\bibitem[\protect\citeauthoryear{Marrone et al.}{2006}]{2006AAS...20911206M} Marrone D.~P., et al., 2006, AAS, 38, 112.06 


\bibitem[\protect\citeauthoryear{Yusef-Zadeh et al.}{2006}]{2006ApJ...650..189Y} Yusef-Zadeh F., Roberts D., Wardle M., Heinke C.~O., Bower G.~C., 2006, ApJ, 650, 189 


\bibitem[\protect\citeauthoryear{Bower et al.}{2006}]{2006ApJ...648L.127B} Bower G.~C., Goss W.~M., Falcke H., Backer D.~C., Lithwick Y., 2006, ApJ, 648, L127 


\bibitem[\protect\citeauthoryear{Broderick \& Loeb}{2006}]{2006MNRAS.367..905B} Broderick A.~E., Loeb A., 2006, MNRAS, 367, 905 


\bibitem[\protect\citeauthoryear{Takahashi}{2004}]{2004ApJ...611..996T} Takahashi R., 2004, ApJ, 611, 996 


\bibitem[\protect\citeauthoryear{Genzel et al.}{2003}]{2003Natur.425..934G} Genzel R., Sch{\"o}del R., Ott T., Eckart A., Alexander T., Lacombe F., Rouan D., Aschenbach B., 2003, Natur, 425, 934 


\bibitem[\protect\citeauthoryear{Baganoff et al.}{2001}]{2001Natur.413...45B} Baganoff F.~K., et al., 2001, Natur, 413, 45 


\bibitem[\protect\citeauthoryear{Doeleman et al.}{2001}]{2001AJ....121.2610D} Doeleman S.~S., et al., 2001, AJ, 121, 2610 


\bibitem[\protect\citeauthoryear{Thompson, Moran, \& Swenson}{2001}]{2001isra.book.....T} Thompson A.~R., Moran J.~M., Swenson G.~W., Jr., 2001, isra.book,  


\bibitem[\protect\citeauthoryear{Carilli \& Holdaway}{1999}]{1999RaSc...34..817C} Carilli C.~L., Holdaway M.~A., 1999, RaSc, 34, 817 


\bibitem[\protect\citeauthoryear{Carilli, Carlstrom, \& Holdaway}{1999}]{1999ASPC..180..565C} Carilli C.~L., Carlstrom J.~E., Holdaway M.~A., 1999, ASPC, 180, 565 


\bibitem[\protect\citeauthoryear{Lo et al.}{1998}]{1998ApJ...508L..61L} Lo K.~Y., Shen Z.-Q., Zhao J.-H., Ho P.~T.~P., 1998, ApJ, 508, L61 


\bibitem[\protect\citeauthoryear{Linfield}{1998}]{1998RaSc...33.1353L} Linfield R.~P., 1998, RaSc, 33, 1353 


\bibitem[\protect\citeauthoryear{Krichbaum et al.}{1998}]{1998A&A...335L.106K} Krichbaum T.~P., et al., 1998, A\&A, 335, L106 


\bibitem[\protect\citeauthoryear{Falcke}{1998}]{1998AGM....14..F07F} Falcke H., 1998, AGM, 14,  


\bibitem[\protect\citeauthoryear{Lay}{1997}]{1997A&AS..122..535L} Lay O.~P., 1997, A\&AS, 122,  


\bibitem[\protect\citeauthoryear{Rogers, Doeleman, \& Moran}{1995}]{1995AJ....109.1391R} Rogers A.~E.~E., Doeleman S.~S., Moran J.~M., 1995, AJ, 109, 1391 


\bibitem[\protect\citeauthoryear{Garratt}{1994}]{1994abl..book.....G} Garratt J.~R., 1994, abl..book, 334 


\bibitem[\protect\citeauthoryear{Narayan}{1992}]{1992RSPTA.341..151N} Narayan R., 1992, RSPTA, 341, 151 


\bibitem[\protect\citeauthoryear{Rickett}{1990}]{1990ARA&A..28..561R} Rickett B.~J., 1990, ARA\&A, 28, 561 


\bibitem[\protect\citeauthoryear{Kulkarni}{1989}]{1989AJ.....98.1112K} Kulkarni S.~R., 1989, AJ, 98, 1112 


\bibitem[\protect\citeauthoryear{Narayan \& Goodman}{1989}]{1989MNRAS.238..963N} Narayan R., Goodman J., 1989, MNRAS, 238, 963 


\bibitem[\protect\citeauthoryear{Treuhaft \& Lanyi}{1987}]{1987RaSc...22..251T} Treuhaft R.~N., Lanyi G.~E., 1987, RaSc, 22, 251 


\bibitem[\protect\citeauthoryear{Coulman}{1985}]{1985ARA&A..23...19C} Coulman C.~E., 1985, ARA\&A, 23, 19 


