@ARTICLE{Goddi_2016,
   author = {{Goddi}, C. and {Falcke}, H. and {Kramer}, M. and {Rezzolla}, L. and 
	{Brinkerink}, C. and {Bronzwaer}, T. and {Deane}, R. and {De Laurentis}, M. and 
	{Desvignes}, G. and {Davelaar}, J.~R.~J. and {Eisenhauer}, F. and 
	{Eatough}, R. and {Fraga-Encinas}, R. and {Fromm}, C.~M. and 
	{Gillessen}, S. and {Grenzebach}, A. and {Issaoun}, S. and {Jan{\ss}en}, M. and 
	{Konoplya}, R. and {Krichbaum}, T.~P. and {Laing}, R. and {Liu}, K. and 
	{Lu}, R.-S. and {Mizuno}, Y. and {Moscibrodzka}, M. and {M{\"u}ller}, C. and 
	{Olivares}, H. and {Porth}, O. and {Pfuhl}, O. and {Ros}, E. and 
	{Roelofs}, F. and {Schuster}, K. and {Tilanus}, R. and {Torne}, P. and 
	{van Bemmel}, I. and {van Langevelde}, H.~J. and {Wex}, N. and 
	{Younsi}, Z. and {Zhidenko}, A.},
    title = "{BlackHoleCam: fundamental physics of the Galactic center}",
  journal = {ArXiv e-prints},
archivePrefix = "arXiv",
   eprint = {1606.08879},
 primaryClass = "astro-ph.HE",
 keywords = {Astrophysics - High Energy Astrophysical Phenomena, General Relativity and Quantum Cosmology},
     year = 2016,
    month = jun,
   adsurl = {http://adsabs.harvard.edu/abs/2016arXiv160608879G},
  adsnote = {Provided by the SAO/NASA Astrophysics Data System}
}

@ARTICLE{Ortiz_2016,
   author = {{Ortiz-Le{\'o}n}, G.~N. and {Johnson}, M.~D. and {Doeleman}, S.~S. and 
	{Blackburn}, L. and {Fish}, V.~L. and {Loinard}, L. and {Reid}, M.~J. and 
	{Castillo}, E. and {Chael}, A.~A. and {Hern{\'a}ndez-G{\'o}mez}, A. and 
	{Hughes}, D.~H. and {Le{\'o}n-Tavares}, J. and {Lu}, R.-S. and 
	{Monta{\~n}a}, A. and {Narayanan}, G. and {Rosenfeld}, K. and 
	{S{\'a}nchez}, D. and {Schloerb}, F.~P. and {Shen}, Z.-q. and 
	{Shiokawa}, H. and {SooHoo}, J. and {Vertatschitsch}, L.},
    title = "{The Intrinsic Shape of Sagittarius A* at 3.5 mm Wavelength}",
  journal = {\apj},
archivePrefix = "arXiv",
   eprint = {1601.06571},
 keywords = {accretion, accretion disks, galaxies: active, galaxies: individual: Sgr Aa, Galaxy: center, techniques: interferometric },
     year = 2016,
    month = jun,
   volume = 824,
      eid = {40},
    pages = {40},
      doi = {10.3847/0004-637X/824/1/40},
   adsurl = {http://adsabs.harvard.edu/abs/2016ApJ...824...40O},
  adsnote = {Provided by the SAO/NASA Astrophysics Data System}
}

@ARTICLE{Broderick_2016,
   author = {{Broderick}, A.~E. and {Fish}, V.~L. and {Johnson}, M.~D. and 
	{Rosenfeld}, K. and {Wang}, C. and {Doeleman}, S.~S. and {Akiyama}, K. and 
	{Johannsen}, T. and {Roy}, A.~L.},
    title = "{Modeling Seven Years of Event Horizon Telescope Observations with Radiatively Inefficient Accretion Flow Models}",
  journal = {\apj},
archivePrefix = "arXiv",
   eprint = {1602.07701},
 primaryClass = "astro-ph.HE",
 keywords = {accretion, accretion disks, black hole physics, Galaxy: center, submillimeter: general, techniques: high angular resolution, techniques: interferometric},
     year = 2016,
    month = apr,
   volume = 820,
      eid = {137},
    pages = {137},
      doi = {10.3847/0004-637X/820/2/137},
   adsurl = {http://adsabs.harvard.edu/abs/2016ApJ...820..137B},
  adsnote = {Provided by the SAO/NASA Astrophysics Data System}
}

@ARTICLE{Fish_2016,
   author = {{Fish}, V.~L. and {Johnson}, M.~D. and {Doeleman}, S.~S. and 
	{Broderick}, A.~E. and {Psaltis}, D. and {Lu}, R.-S. and {Akiyama}, K. and 
	{Alef}, W. and {Algaba}, J.~C. and {Asada}, K. and {Beaudoin}, C. and 
	{Bertarini}, A. and {Blackburn}, L. and {Blundell}, R. and {Bower}, G.~C. and 
	{Brinkerink}, C. and {Cappallo}, R. and {Chael}, A.~A. and {Chamberlin}, R. and 
	{Chan}, C.-K. and {Crew}, G.~B. and {Dexter}, J. and {Dexter}, M. and 
	{Dzib}, S.~A. and {Falcke}, H. and {Freund}, R. and {Friberg}, P. and 
	{Greer}, C.~H. and {Gurwell}, M.~A. and {Ho}, P.~T.~P. and {Honma}, M. and 
	{Inoue}, M. and {Johannsen}, T. and {Kim}, J. and {Krichbaum}, T.~P. and 
	{Lamb}, J. and {Le{\'o}n-Tavares}, J. and {Loeb}, A. and {Loinard}, L. and 
	{MacMahon}, D. and {Marrone}, D.~P. and {Moran}, J.~M. and {Mo{\'s}cibrodzka}, M. and 
	{Ortiz-Le{\'o}n}, G.~N. and {Oyama}, T. and {{\"O}zel}, F. and 
	{Plambeck}, R.~L. and {Pradel}, N. and {Primiani}, R.~A. and 
	{Rogers}, A.~E.~E. and {Rosenfeld}, K. and {Rottmann}, H. and 
	{Roy}, A.~L. and {Ruszczyk}, C. and {Smythe}, D.~L. and {SooHoo}, J. and 
	{Spilker}, J. and {Stone}, J. and {Strittmatter}, P. and {Tilanus}, R.~P.~J. and 
	{Titus}, M. and {Vertatschitsch}, L. and {Wagner}, J. and {Wardle}, J.~F.~C. and 
	{Weintroub}, J. and {Woody}, D. and {Wright}, M. and {Yamaguchi}, P. and 
	{Young}, A. and {Young}, K.~H. and {Zensus}, J.~A. and {Ziurys}, L.~M.
	},
    title = "{Persistent Asymmetric Structure of Sagittarius A* on Event Horizon Scales}",
  journal = {\apj},
archivePrefix = "arXiv",
   eprint = {1602.05527},
 keywords = {Galaxy: center, submillimeter: general, techniques: high angular resolution, techniques: interferometric},
     year = 2016,
    month = apr,
   volume = 820,
      eid = {90},
    pages = {90},
      doi = {10.3847/0004-637X/820/2/90},
   adsurl = {http://adsabs.harvard.edu/abs/2016ApJ...820...90F},
  adsnote = {Provided by the SAO/NASA Astrophysics Data System}
}

@ARTICLE{Kim_2016,
   author = {{Kim}, J. and {Marrone}, D.~P. and {Chan}, C.-k. and {Medeiros}, L. and 
	{Ozel}, F. and {Psaltis}, D.},
    title = "{Bayesian techniques for comparing time-dependent GRMHD simulations to variable Event Horizon Telescope observations}",
  journal = {ArXiv e-prints},
archivePrefix = "arXiv",
   eprint = {1602.00692},
 primaryClass = "astro-ph.HE",
 keywords = {Astrophysics - High Energy Astrophysical Phenomena},
     year = 2016,
    month = feb,
   adsurl = {http://adsabs.harvard.edu/abs/2016arXiv160200692K},
  adsnote = {Provided by the SAO/NASA Astrophysics Data System}
}

@ARTICLE{Psaltis_2015,
   author = {{Psaltis}, D. and {{\"O}zel}, F. and {Chan}, C.-K. and {Marrone}, D.~P.
	},
    title = "{A General Relativistic Null Hypothesis Test with Event Horizon Telescope Observations of the Black Hole Shadow in Sgr A*}",
  journal = {\apj},
archivePrefix = "arXiv",
   eprint = {1411.1454},
 primaryClass = "astro-ph.HE",
 keywords = {accretion, accretion disks, black hole physics, Galaxy: center, scattering, techniques: image processing},
     year = 2015,
    month = dec,
   volume = 814,
      eid = {115},
    pages = {115},
      doi = {10.1088/0004-637X/814/2/115},
   adsurl = {http://adsabs.harvard.edu/abs/2015ApJ...814..115P},
  adsnote = {Provided by the SAO/NASA Astrophysics Data System}
}

@ARTICLE{Brogan_2015,
   author = {{ALMA Partnership} and {Brogan}, C.~L. and {P{\'e}rez}, L.~M. and 
	{Hunter}, T.~R. and {Dent}, W.~R.~F. and {Hales}, A.~S. and 
	{Hills}, R.~E. and {Corder}, S. and {Fomalont}, E.~B. and {Vlahakis}, C. and 
	{Asaki}, Y. and {Barkats}, D. and {Hirota}, A. and {Hodge}, J.~A. and 
	{Impellizzeri}, C.~M.~V. and {Kneissl}, R. and {Liuzzo}, E. and 
	{Lucas}, R. and {Marcelino}, N. and {Matsushita}, S. and {Nakanishi}, K. and 
	{Phillips}, N. and {Richards}, A.~M.~S. and {Toledo}, I. and 
	{Aladro}, R. and {Broguiere}, D. and {Cortes}, J.~R. and {Cortes}, P.~C. and 
	{Espada}, D. and {Galarza}, F. and {Garcia-Appadoo}, D. and 
	{Guzman-Ramirez}, L. and {Humphreys}, E.~M. and {Jung}, T. and 
	{Kameno}, S. and {Laing}, R.~A. and {Leon}, S. and {Marconi}, G. and 
	{Mignano}, A. and {Nikolic}, B. and {Nyman}, L.-A. and {Radiszcz}, M. and 
	{Remijan}, A. and {Rod{\'o}n}, J.~A. and {Sawada}, T. and {Takahashi}, S. and 
	{Tilanus}, R.~P.~J. and {Vila Vilaro}, B. and {Watson}, L.~C. and 
	{Wiklind}, T. and {Akiyama}, E. and {Chapillon}, E. and {de Gregorio-Monsalvo}, I. and 
	{Di Francesco}, J. and {Gueth}, F. and {Kawamura}, A. and {Lee}, C.-F. and 
	{Nguyen Luong}, Q. and {Mangum}, J. and {Pietu}, V. and {Sanhueza}, P. and 
	{Saigo}, K. and {Takakuwa}, S. and {Ubach}, C. and {van Kempen}, T. and 
	{Wootten}, A. and {Castro-Carrizo}, A. and {Francke}, H. and 
	{Gallardo}, J. and {Garcia}, J. and {Gonzalez}, S. and {Hill}, T. and 
	{Kaminski}, T. and {Kurono}, Y. and {Liu}, H.-Y. and {Lopez}, C. and 
	{Morales}, F. and {Plarre}, K. and {Schieven}, G. and {Testi}, L. and 
	{Videla}, L. and {Villard}, E. and {Andreani}, P. and {Hibbard}, J.~E. and 
	{Tatematsu}, K.},
    title = "{The 2014 ALMA Long Baseline Campaign: First Results from High Angular Resolution Observations toward the HL Tau Region}",
  journal = {\apjl},
archivePrefix = "arXiv",
   eprint = {1503.02649},
 primaryClass = "astro-ph.SR",
 keywords = {protoplanetary disks, stars: formation, stars: individual: HL Tau, XZ Tau, LkH{$\alpha$}358, submillimeter: planetary systems, techniques: interferometric},
     year = 2015,
    month = jul,
   volume = 808,
      eid = {L3},
    pages = {L3},
      doi = {10.1088/2041-8205/808/1/L3},
   adsurl = {http://adsabs.harvard.edu/abs/2015ApJ...808L...3A},
  adsnote = {Provided by the SAO/NASA Astrophysics Data System}
}

@ARTICLE{Lochner_2015,
   author = {{Lochner}, M. and {Natarajan}, I. and {Zwart}, J.~T.~L. and 
	{Smirnov}, O. and {Bassett}, B.~A. and {Oozeer}, N. and {Kunz}, M.
	},
    title = "{Bayesian inference for radio observations}",
  journal = {\mnras},
archivePrefix = "arXiv",
   eprint = {1501.05304},
 primaryClass = "astro-ph.IM",
 keywords = {methods: data analysis, methods: statistical, techniques: interferometric},
     year = 2015,
    month = jun,
   volume = 450,
    pages = {1308-1319},
      doi = {10.1093/mnras/stv679},
   adsurl = {http://adsabs.harvard.edu/abs/2015MNRAS.450.1308L},
  adsnote = {Provided by the SAO/NASA Astrophysics Data System}
}

@ARTICLE{Johnson_2015,
   author = {{Johnson}, M.~D. and {Gwinn}, C.~R.},
    title = "{Theory and Simulations of Refractive Substructure in Resolved Scatter-broadened Images}",
  journal = {\apj},
archivePrefix = "arXiv",
   eprint = {1502.05722},
 primaryClass = "astro-ph.IM",
 keywords = {ISM: structure, Galaxy: nucleus, radio continuum: ISM, scattering, techniques: interferometric},
     year = 2015,
    month = jun,
   volume = 805,
      eid = {180},
    pages = {180},
      doi = {10.1088/0004-637X/805/2/180},
   adsurl = {http://adsabs.harvard.edu/abs/2015ApJ...805..180J},
  adsnote = {Provided by the SAO/NASA Astrophysics Data System}
}

@ARTICLE{Brinkerink_2015,
   author = {{Brinkerink}, C.~D. and {Falcke}, H. and {Law}, C.~J. and {Barkats}, D. and 
	{Bower}, G.~C. and {Brunthaler}, A. and {Gammie}, C. and {Impellizzeri}, C.~M.~V. and 
	{Markoff}, S. and {Menten}, K.~M. and {Moscibrodzka}, M. and 
	{Peck}, A. and {Rushton}, A.~P. and {Schaaf}, R. and {Wright}, M.
	},
    title = "{ALMA and VLA measurements of frequency-dependent time lags in Sagittarius A*: evidence for a relativistic outflow}",
  journal = {\aap},
archivePrefix = "arXiv",
   eprint = {1502.03423},
 keywords = {accretion, accretion disks, black hole physics, radiation mechanisms: non-thermal, Galaxy: center, galaxies: jets},
     year = 2015,
    month = apr,
   volume = 576,
      eid = {A41},
    pages = {A41},
      doi = {10.1051/0004-6361/201424783},
   adsurl = {http://adsabs.harvard.edu/abs/2015A%26A...576A..41B},
  adsnote = {Provided by the SAO/NASA Astrophysics Data System}
}

@ARTICLE{Fish_2014,
   author = {{Fish}, V.~L. and {Johnson}, M.~D. and {Lu}, R.-S. and {Doeleman}, S.~S. and 
	{Bouman}, K.~L. and {Zoran}, D. and {Freeman}, W.~T. and {Psaltis}, D. and 
	{Narayan}, R. and {Pankratius}, V. and {Broderick}, A.~E. and 
	{Gwinn}, C.~R. and {Vertatschitsch}, L.~E.},
    title = "{Imaging an Event Horizon: Mitigation of Scattering toward Sagittarius A*}",
  journal = {\apj},
archivePrefix = "arXiv",
   eprint = {1409.4690},
 primaryClass = "astro-ph.IM",
 keywords = {galaxies: individual: Sgr A{\amp}ast, Galaxy: center, scattering, techniques: image processing, techniques: interferometric },
     year = 2014,
    month = nov,
   volume = 795,
      eid = {134},
    pages = {134},
      doi = {10.1088/0004-637X/795/2/134},
   adsurl = {http://adsabs.harvard.edu/abs/2014ApJ...795..134F},
  adsnote = {Provided by the SAO/NASA Astrophysics Data System}
}

@ARTICLE{Gwinn_2014,
   author = {{Gwinn}, C.~R. and {Kovalev}, Y.~Y. and {Johnson}, M.~D. and 
	{Soglasnov}, V.~A.},
    title = "{Discovery of Substructure in the Scatter-broadened Image of Sgr A*}",
  journal = {\apjl},
archivePrefix = "arXiv",
   eprint = {1409.0530},
 keywords = {black hole physics, Galaxy: nucleus, ISM: structure, radio continuum: ISM, scattering, techniques: interferometric},
     year = 2014,
    month = oct,
   volume = 794,
      eid = {L14},
    pages = {L14},
      doi = {10.1088/2041-8205/794/1/L14},
   adsurl = {http://adsabs.harvard.edu/abs/2014ApJ...794L..14G},
  adsnote = {Provided by the SAO/NASA Astrophysics Data System}
}

@ARTICLE{Johnson_2014,
   author = {{Johnson}, M.~D. and {Fish}, V.~L. and {Doeleman}, S.~S. and 
	{Broderick}, A.~E. and {Wardle}, J.~F.~C. and {Marrone}, D.~P.
	},
    title = "{Relative Astrometry of Compact Flaring Structures in Sgr A* with Polarimetric Very Long Baseline Interferometry}",
  journal = {\apj},
archivePrefix = "arXiv",
   eprint = {1408.6241},
 primaryClass = "astro-ph.HE",
 keywords = {black hole physics, Galaxy: center, submillimeter: general, techniques: high angular resolution, techniques: interferometric, techniques: polarimetric },
     year = 2014,
    month = oct,
   volume = 794,
      eid = {150},
    pages = {150},
      doi = {10.1088/0004-637X/794/2/150},
   adsurl = {http://adsabs.harvard.edu/abs/2014ApJ...794..150J},
  adsnote = {Provided by the SAO/NASA Astrophysics Data System}
}

@ARTICLE{Moscibrodzka_2014,
   author = {{Mo{\'s}cibrodzka}, M. and {Falcke}, H. and {Shiokawa}, H. and 
	{Gammie}, C.~F.},
    title = "{Observational appearance of inefficient accretion flows and jets in 3D GRMHD simulations: Application to Sagittarius A*}",
  journal = {\aap},
archivePrefix = "arXiv",
   eprint = {1408.4743},
 primaryClass = "astro-ph.HE",
 keywords = {accretion, accretion disks, black hole physics, magnetohydrodynamics (MHD), radiative transfer, Galaxy: center, galaxies: jets},
     year = 2014,
    month = oct,
   volume = 570,
      eid = {A7},
    pages = {A7},
      doi = {10.1051/0004-6361/201424358},
   adsurl = {http://adsabs.harvard.edu/abs/2014A%26A...570A...7M},
  adsnote = {Provided by the SAO/NASA Astrophysics Data System}
}

@ARTICLE{Bower_2014,
   author = {{Bower}, G.~C. and {Deller}, A. and {Demorest}, P. and {Brunthaler}, A. and 
	{Eatough}, R. and {Falcke}, H. and {Kramer}, M. and {Lee}, K.~J. and 
	{Spitler}, L.},
    title = "{The Angular Broadening of the Galactic Center Pulsar SGR J1745-29: A New Constraint on the Scattering Medium}",
  journal = {\apjl},
archivePrefix = "arXiv",
   eprint = {1309.4672},
 keywords = {black hole physics, pulsars: general, pulsars: individual: SGR 1745-2900, scattering},
     year = 2014,
    month = jan,
   volume = 780,
      eid = {L2},
    pages = {L2},
      doi = {10.1088/2041-8205/780/1/L2},
   adsurl = {http://adsabs.harvard.edu/abs/2014ApJ...780L...2B},
  adsnote = {Provided by the SAO/NASA Astrophysics Data System}
}

@ARTICLE{Moscibrodzka_2013,
   author = {{Mo{\'s}cibrodzka}, M. and {Falcke}, H.},
    title = "{Coupled jet-disk model for Sagittarius A*: explaining the flat-spectrum radio core with GRMHD simulations of jets}",
  journal = {\aap},
archivePrefix = "arXiv",
   eprint = {1310.4951},
 primaryClass = "astro-ph.HE",
 keywords = {accretion, accretion disks, black hole physics, magnetohydrodynamics (MHD), radiative transfer, Galaxy: center},
     year = 2013,
    month = nov,
   volume = 559,
      eid = {L3},
    pages = {L3},
      doi = {10.1051/0004-6361/201322692},
   adsurl = {http://adsabs.harvard.edu/abs/2013A%26A...559L...3M},
  adsnote = {Provided by the SAO/NASA Astrophysics Data System}
}

@ARTICLE{Broderick_2011,
   author = {{Broderick}, A.~E. and {Fish}, V.~L. and {Doeleman}, S.~S. and 
	{Loeb}, A.},
    title = "{Constraining the Structure of Sagittarius A*'s Accretion Flow with Millimeter Very Long Baseline Interferometry Closure Phases}",
  journal = {\apj},
archivePrefix = "arXiv",
   eprint = {1106.2550},
 primaryClass = "astro-ph.HE",
 keywords = {accretion, accretion disks, black hole physics, Galaxy: center, submillimeter: general, techniques: interferometric},
     year = 2011,
    month = sep,
   volume = 738,
      eid = {38},
    pages = {38},
      doi = {10.1088/0004-637X/738/1/38},
   adsurl = {http://adsabs.harvard.edu/abs/2011ApJ...738...38B},
  adsnote = {Provided by the SAO/NASA Astrophysics Data System}
}

@ARTICLE{Fish_2011,
   author = {{Fish}, V.~L. and {Doeleman}, S.~S. and {Beaudoin}, C. and {Blundell}, R. and 
	{Bolin}, D.~E. and {Bower}, G.~C. and {Chamberlin}, R. and {Freund}, R. and 
	{Friberg}, P. and {Gurwell}, M.~A. and {Honma}, M. and {Inoue}, M. and 
	{Krichbaum}, T.~P. and {Lamb}, J. and {Marrone}, D.~P. and {Moran}, J.~M. and 
	{Oyama}, T. and {Plambeck}, R. and {Primiani}, R. and {Rogers}, A.~E.~E. and 
	{Smythe}, D.~L. and {SooHoo}, J. and {Strittmatter}, P. and 
	{Tilanus}, R.~P.~J. and {Titus}, M. and {Weintroub}, J. and 
	{Wright}, M. and {Woody}, D. and {Young}, K.~H. and {Ziurys}, L.~M.
	},
    title = "{1.3 mm Wavelength VLBI of Sagittarius A*: Detection of Time-variable Emission on Event Horizon Scales}",
  journal = {\apjl},
archivePrefix = "arXiv",
   eprint = {1011.2472},
 keywords = {Galaxy: center, submillimeter: general, techniques: high angular resolution, techniques: interferometric},
     year = 2011,
    month = feb,
   volume = 727,
      eid = {L36},
    pages = {L36},
      doi = {10.1088/2041-8205/727/2/L36},
   adsurl = {http://adsabs.harvard.edu/abs/2011ApJ...727L..36F},
  adsnote = {Provided by the SAO/NASA Astrophysics Data System}
}

@ARTICLE{Lu_2011,
   author = {{Lu}, R.-S. and {Krichbaum}, T.~P. and {Eckart}, A. and {K{\"o}nig}, S. and 
	{Kunneriath}, D. and {Witzel}, G. and {Witzel}, A. and {Zensus}, J.~A.
	},
    title = "{Multiwavelength VLBI observations of Sagittarius A*}",
  journal = {\aap},
archivePrefix = "arXiv",
   eprint = {1010.1287},
 keywords = {Galaxy: center, galaxies: individual: Sgr A*, scattering, techniques: interferometric, galaxies: nuclei},
     year = 2011,
    month = jan,
   volume = 525,
      eid = {A76},
    pages = {A76},
      doi = {10.1051/0004-6361/200913807},
   adsurl = {http://adsabs.harvard.edu/abs/2011A%26A...525A..76L},
  adsnote = {Provided by the SAO/NASA Astrophysics Data System}
}

@ARTICLE{Johannsen_2010,
   author = {{Johannsen}, T. and {Psaltis}, D.},
    title = "{Testing the No-hair Theorem with Observations in the Electromagnetic Spectrum. II. Black Hole Images}",
  journal = {\apj},
archivePrefix = "arXiv",
   eprint = {1005.1931},
 primaryClass = "astro-ph.HE",
 keywords = {accretion, accretion disks, black hole physics, Galaxy: center, gravitation, gravitational lensing: strong, stars: individual: Sgr A*},
     year = 2010,
    month = jul,
   volume = 718,
    pages = {446-454},
      doi = {10.1088/0004-637X/718/1/446},
   adsurl = {http://adsabs.harvard.edu/abs/2010ApJ...718..446J},
  adsnote = {Provided by the SAO/NASA Astrophysics Data System}
}

@ARTICLE{Dexter_2010,
   author = {{Dexter}, J. and {Agol}, E. and {Fragile}, P.~C. and {McKinney}, J.~C.
	},
    title = "{The Submillimeter Bump in Sgr A* from Relativistic MHD Simulations}",
  journal = {\apj},
archivePrefix = "arXiv",
   eprint = {1005.4062},
 primaryClass = "astro-ph.HE",
 keywords = {accretion, accretion disks, black hole physics, Galaxy: center, radiative transfer, relativistic processes},
     year = 2010,
    month = jul,
   volume = 717,
    pages = {1092-1104},
      doi = {10.1088/0004-637X/717/2/1092},
   adsurl = {http://adsabs.harvard.edu/abs/2010ApJ...717.1092D},
  adsnote = {Provided by the SAO/NASA Astrophysics Data System}
}

@ARTICLE{Curtis_2009,
   author = {{Curtis}, E.~I. and {Nikolic}, B. and {Richer}, J.~S. and {Pardo}, J.~R.
	},
    title = "{Atmospheric dispersion and the implications for phase calibration}",
  journal = {ArXiv e-prints},
archivePrefix = "arXiv",
   eprint = {0912.2852},
 primaryClass = "astro-ph.IM",
 keywords = {Astrophysics - Instrumentation and Methods for Astrophysics},
     year = 2009,
    month = dec,
   adsurl = {http://adsabs.harvard.edu/abs/2009arXiv0912.2852C},
  adsnote = {Provided by the SAO/NASA Astrophysics Data System}
}

@ARTICLE{Gillessen_2009,
   author = {{Gillessen}, S. and {Eisenhauer}, F. and {Fritz}, T.~K. and 
	{Bartko}, H. and {Dodds-Eden}, K. and {Pfuhl}, O. and {Ott}, T. and 
	{Genzel}, R.},
    title = "{The Orbit of the Star S2 Around SGR A* from Very Large Telescope and Keck Data}",
  journal = {\apjl},
archivePrefix = "arXiv",
   eprint = {0910.3069},
 keywords = {astrometry, black hole physics, Galaxy: center, infrared: stars},
     year = 2009,
    month = dec,
   volume = 707,
    pages = {L114-L117},
      doi = {10.1088/0004-637X/707/2/L114},
   adsurl = {http://adsabs.harvard.edu/abs/2009ApJ...707L.114G},
  adsnote = {Provided by the SAO/NASA Astrophysics Data System}
}

@ARTICLE{Fish_2009,
   author = {{Fish}, V.~L. and {Doeleman}, S.~S. and {Broderick}, A.~E. and 
	{Loeb}, A. and {Rogers}, A.~E.~E.},
    title = "{Detecting Changing Polarization Structures in Sagittarius A* with High Frequency VLBI}",
  journal = {\apj},
archivePrefix = "arXiv",
   eprint = {0910.3893},
 keywords = {accretion, accretion disks, black hole physics, Galaxy: center, polarization, submillimeter, techniques: interferometric},
     year = 2009,
    month = dec,
   volume = 706,
    pages = {1353-1363},
      doi = {10.1088/0004-637X/706/2/1353},
   adsurl = {http://adsabs.harvard.edu/abs/2009ApJ...706.1353F},
  adsnote = {Provided by the SAO/NASA Astrophysics Data System}
}

@ARTICLE{Broderick_2009,
   author = {{Broderick}, A.~E. and {Loeb}, A.},
    title = "{Imaging the Black Hole Silhouette of M87: Implications for Jet Formation and Black Hole Spin}",
  journal = {\apj},
archivePrefix = "arXiv",
   eprint = {0812.0366},
 keywords = {black hole physics, galaxies: active, galaxies: jets, submillimeter, techniques: interferometric},
     year = 2009,
    month = jun,
   volume = 697,
    pages = {1164-1179},
      doi = {10.1088/0004-637X/697/2/1164},
   adsurl = {http://adsabs.harvard.edu/abs/2009ApJ...697.1164B},
  adsnote = {Provided by the SAO/NASA Astrophysics Data System}
}

@ARTICLE{Doeleman_2009,
   author = {{Doeleman}, S.~S. and {Fish}, V.~L. and {Broderick}, A.~E. and 
	{Loeb}, A. and {Rogers}, A.~E.~E.},
    title = "{Detecting Flaring Structures in Sagittarius A* with High-Frequency VLBI}",
  journal = {\apj},
archivePrefix = "arXiv",
   eprint = {0809.3424},
 keywords = {accretion, accretion disks, black hole physics, Galaxy: center, submillimeter, techniques: interferometric},
     year = 2009,
    month = apr,
   volume = 695,
    pages = {59-74},
      doi = {10.1088/0004-637X/695/1/59},
   adsurl = {http://adsabs.harvard.edu/abs/2009ApJ...695...59D},
  adsnote = {Provided by the SAO/NASA Astrophysics Data System}
}

@ARTICLE{Broderick_2009,
   author = {{Broderick}, A.},
    title = "{A New Window on Jet Formation: Millimeter {\amp} Submillimeter VLBI}",
booktitle = {American Astronomical Society Meeting Abstracts \#213},
     year = 2009,
   series = {Bulletin of the American Astronomical Society},
   volume = 41,
    month = jan,
      eid = {328.05},
    pages = {385},
   adsurl = {http://adsabs.harvard.edu/abs/2009AAS...21332805B},
  adsnote = {Provided by the SAO/NASA Astrophysics Data System}
}

@ARTICLE{Meyer_2008,
   author = {{Meyer}, L. and {Do}, T. and {Ghez}, A. and {Morris}, M.~R. and 
	{Witzel}, G. and {Eckart}, A. and {B{\'e}langer}, G. and {Sch{\"o}del}, R.
	},
    title = "{A 600 Minute Near-Infrared Light Curve of Sagittarius A*}",
  journal = {\apjl},
archivePrefix = "arXiv",
   eprint = {0809.2580},
 keywords = {black hole physics, Galaxy: center},
     year = 2008,
    month = nov,
   volume = 688,
      eid = {L17},
    pages = {L17},
      doi = {10.1086/593147},
   adsurl = {http://adsabs.harvard.edu/abs/2008ApJ...688L..17M},
  adsnote = {Provided by the SAO/NASA Astrophysics Data System}
}

@ARTICLE{Doeleman_2008,
   author = {{Doeleman}, S.~S. and {Weintroub}, J. and {Rogers}, A.~E.~E. and 
	{Plambeck}, R. and {Freund}, R. and {Tilanus}, R.~P.~J. and 
	{Friberg}, P. and {Ziurys}, L.~M. and {Moran}, J.~M. and {Corey}, B. and 
	{Young}, K.~H. and {Smythe}, D.~L. and {Titus}, M. and {Marrone}, D.~P. and 
	{Cappallo}, R.~J. and {Bock}, D.~C.-J. and {Bower}, G.~C. and 
	{Chamberlin}, R. and {Davis}, G.~R. and {Krichbaum}, T.~P. and 
	{Lamb}, J. and {Maness}, H. and {Niell}, A.~E. and {Roy}, A. and 
	{Strittmatter}, P. and {Werthimer}, D. and {Whitney}, A.~R. and 
	{Woody}, D.},
    title = "{Event-horizon-scale structure in the supermassive black hole candidate at the Galactic Centre}",
  journal = {\nat},
archivePrefix = "arXiv",
   eprint = {0809.2442},
     year = 2008,
    month = sep,
   volume = 455,
    pages = {78-80},
      doi = {10.1038/nature07245},
   adsurl = {http://adsabs.harvard.edu/abs/2008Natur.455...78D},
  adsnote = {Provided by the SAO/NASA Astrophysics Data System}
}

@ARTICLE{Marrone_2008,
   author = {{Marrone}, D.~P. and {Baganoff}, F.~K. and {Morris}, M.~R. and 
	{Moran}, J.~M. and {Ghez}, A.~M. and {Hornstein}, S.~D. and 
	{Dowell}, C.~D. and {Mu{\~n}oz}, D.~J. and {Bautz}, M.~W. and 
	{Ricker}, G.~R. and {Brandt}, W.~N. and {Garmire}, G.~P. and 
	{Lu}, J.~R. and {Matthews}, K. and {Zhao}, J.-H. and {Rao}, R. and 
	{Bower}, G.~C.},
    title = "{An X-Ray, Infrared, and Submillimeter Flare of Sagittarius A*}",
  journal = {\apj},
archivePrefix = "arXiv",
   eprint = {0712.2877},
 keywords = {black hole physics, Galaxy: center, polarization },
     year = 2008,
    month = jul,
   volume = 682,
      eid = {373-383},
    pages = {373-383},
      doi = {10.1086/588806},
   adsurl = {http://adsabs.harvard.edu/abs/2008ApJ...682..373M},
  adsnote = {Provided by the SAO/NASA Astrophysics Data System}
}

@ARTICLE{Belanger_2006,
   author = {{B{\'e}langer}, G. and {Terrier}, R. and {de Jager}, O.~C. and 
	{Goldwurm}, A. and {Melia}, F.},
    title = "{Periodic Modulations in an X-ray Flare from Sagittarius A*}",
  journal = {Journal of Physics Conference Series},
   eprint = {astro-ph/0604337},
     year = 2006,
    month = dec,
   volume = 54,
    pages = {420-426},
      doi = {10.1088/1742-6596/54/1/066},
   adsurl = {http://adsabs.harvard.edu/abs/2006JPhCS..54..420B},
  adsnote = {Provided by the SAO/NASA Astrophysics Data System}
}

@ARTICLE{Krichbaum_2006,
   author = {{Krichbaum}, T.~P. and {Graham}, D.~A. and {Bremer}, M. and 
	{Alef}, W. and {Witzel}, A. and {Zensus}, J.~A. and {Eckart}, A.
	},
    title = "{Sub-Milliarcsecond Imaging of Sgr A* and M 87}",
  journal = {Journal of Physics Conference Series},
   eprint = {astro-ph/0607072},
     year = 2006,
    month = dec,
   volume = 54,
    pages = {328-334},
      doi = {10.1088/1742-6596/54/1/052},
   adsurl = {http://adsabs.harvard.edu/abs/2006JPhCS..54..328K},
  adsnote = {Provided by the SAO/NASA Astrophysics Data System}
}

@ARTICLE{Marrone_2006,
   author = {{Marrone}, D.~P. and {Baganoff}, F.~K. and {Morris}, M. and 
	{Moran}, J.~M. and {Ghez}, A. and {Hornstein}, S. and {Dowell}, D. and 
	{Bautz}, M.~W. and {Ricker}, G.~R. and {Brandt}, W.~N. and {Garmire}, G.~P. and 
	{Lu}, J. and {Matthews}, K. and {Bower}, G. and {Zhao}, J. and 
	{Rao}, R.},
    title = "{An X-ray, IR, and Submillimeter Flare of Sagittarius A*}",
booktitle = {American Astronomical Society Meeting Abstracts},
     year = 2006,
   series = {Bulletin of the American Astronomical Society},
   volume = 38,
    month = dec,
      eid = {112.06},
    pages = {1062},
   adsurl = {http://adsabs.harvard.edu/abs/2006AAS...20911206M},
  adsnote = {Provided by the SAO/NASA Astrophysics Data System}
}

@ARTICLE{Yusef-Zadeh_2006,
   author = {{Yusef-Zadeh}, F. and {Roberts}, D. and {Wardle}, M. and {Heinke}, C.~O. and 
	{Bower}, G.~C.},
    title = "{Flaring Activity of Sagittarius A* at 43 and 22 GHz: Evidence for Expanding Hot Plasma}",
  journal = {\apj},
   eprint = {astro-ph/0603685},
 keywords = {Galaxy: Center, Techniques: Interferometric},
     year = 2006,
    month = oct,
   volume = 650,
    pages = {189-194},
      doi = {10.1086/506375},
   adsurl = {http://adsabs.harvard.edu/abs/2006ApJ...650..189Y},
  adsnote = {Provided by the SAO/NASA Astrophysics Data System}
}

@ARTICLE{Bower_2006,
   author = {{Bower}, G.~C. and {Goss}, W.~M. and {Falcke}, H. and {Backer}, D.~C. and 
	{Lithwick}, Y.},
    title = "{The Intrinsic Size of Sagittarius A* from 0.35 to 6 cm}",
  journal = {\apjl},
   eprint = {astro-ph/0608004},
 keywords = {Galaxies: Active, Galaxy: Center, Scattering, Techniques: Interferometric},
     year = 2006,
    month = sep,
   volume = 648,
    pages = {L127-L130},
      doi = {10.1086/508019},
   adsurl = {http://adsabs.harvard.edu/abs/2006ApJ...648L.127B},
  adsnote = {Provided by the SAO/NASA Astrophysics Data System}
}

@ARTICLE{Broderick_2006,
   author = {{Broderick}, A.~E. and {Loeb}, A.},
    title = "{Imaging optically-thin hotspots near the black hole horizon of Sgr A* at radio and near-infrared wavelengths}",
  journal = {\mnras},
   eprint = {astro-ph/0509237},
 keywords = {black hole physics, polarization, techniques: interferometric, Galaxy: centre, infrared: general, submillimetre},
     year = 2006,
    month = apr,
   volume = 367,
    pages = {905-916},
      doi = {10.1111/j.1365-2966.2006.10152.x},
   adsurl = {http://adsabs.harvard.edu/abs/2006MNRAS.367..905B},
  adsnote = {Provided by the SAO/NASA Astrophysics Data System}
}

@ARTICLE{Takahashi_2004,
   author = {{Takahashi}, R.},
    title = "{Shapes and Positions of Black Hole Shadows in Accretion Disks and Spin Parameters of Black Holes}",
  journal = {\apj},
   eprint = {astro-ph/0405099},
 keywords = {Accretion, Accretion Disks, Black Hole Physics, Galaxies: Nuclei},
     year = 2004,
    month = aug,
   volume = 611,
    pages = {996-1004},
      doi = {10.1086/422403},
   adsurl = {http://adsabs.harvard.edu/abs/2004ApJ...611..996T},
  adsnote = {Provided by the SAO/NASA Astrophysics Data System}
}

@ARTICLE{Genzel_2003,
   author = {{Genzel}, R. and {Sch{\"o}del}, R. and {Ott}, T. and {Eckart}, A. and 
	{Alexander}, T. and {Lacombe}, F. and {Rouan}, D. and {Aschenbach}, B.
	},
    title = "{Near-infrared flares from accreting gas around the supermassive black hole at the Galactic Centre}",
  journal = {\nat},
   eprint = {astro-ph/0310821},
     year = 2003,
    month = oct,
   volume = 425,
    pages = {934-937},
      doi = {10.1038/nature02065},
   adsurl = {http://adsabs.harvard.edu/abs/2003Natur.425..934G},
  adsnote = {Provided by the SAO/NASA Astrophysics Data System}
}

@ARTICLE{Baganoff_2001,
   author = {{Baganoff}, F.~K. and {Bautz}, M.~W. and {Brandt}, W.~N. and 
	{Chartas}, G. and {Feigelson}, E.~D. and {Garmire}, G.~P. and 
	{Maeda}, Y. and {Morris}, M. and {Ricker}, G.~R. and {Townsley}, L.~K. and 
	{Walter}, F.},
    title = "{Rapid X-ray flaring from the direction of the supermassive black hole at the Galactic Centre}",
  journal = {\nat},
   eprint = {astro-ph/0109367},
     year = 2001,
    month = sep,
   volume = 413,
    pages = {45-48},
      doi = {10.1038/35092510},
   adsurl = {http://adsabs.harvard.edu/abs/2001Natur.413...45B},
  adsnote = {Provided by the SAO/NASA Astrophysics Data System}
}

@ARTICLE{Doeleman_2001,
   author = {{Doeleman}, S.~S. and {Shen}, Z.-Q. and {Rogers}, A.~E.~E. and 
	{Bower}, G.~C. and {Wright}, M.~C.~H. and {Zhao}, J.~H. and 
	{Backer}, D.~C. and {Crowley}, J.~W. and {Freund}, R.~W. and 
	{Ho}, P.~T.~P. and {Lo}, K.~Y. and {Woody}, D.~P.},
    title = "{Structure of Sagittarius A* at 86 GHZ using VLBI Closure Quantities}",
  journal = {\aj},
   eprint = {astro-ph/0102232},
 keywords = {Galaxy: Center, Galaxies: Individual: Name: Sagittarius, Techniques: Interferometric},
     year = 2001,
    month = may,
   volume = 121,
    pages = {2610-2617},
      doi = {10.1086/320376},
   adsurl = {http://adsabs.harvard.edu/abs/2001AJ....121.2610D},
  adsnote = {Provided by the SAO/NASA Astrophysics Data System}
}

@ARTICLE{Thompson_2001,
   author = {{Thompson}, A.~R. and {Moran}, J.~M. and {Swenson}, Jr., G.~W.
	},
    title = "{Interferometry and Synthesis in Radio Astronomy, 2nd Edition}",
booktitle = {''Interferometry and synthesis in radio astronomy by A.~Richard Thompson, James M.~Moran, and George W.~Swenson, Jr.~2nd ed.~ New York : Wiley, c2001.xxiii, 692 p.~: ill.~; 25 cm.~''A Wiley-Interscience publication.''  Includes bibliographical references and indexes.~ISBN :  0471254924''},
     year = 2001,
   adsurl = {http://adsabs.harvard.edu/abs/2001isra.book.....T},
  adsnote = {Provided by the SAO/NASA Astrophysics Data System}
}

@ARTICLE{Carilli_1999,
   author = {{Carilli}, C.~L. and {Holdaway}, M.~A.},
    title = "{Tropospheric phase calibration in millimeter interferometry}",
  journal = {Radio Science},
   eprint = {astro-ph/9904248},
 keywords = {Radio Science: Radio astronomy},
     year = 1999,
   volume = 34,
    pages = {817-840},
      doi = {10.1029/1999RS900048},
   adsurl = {http://adsabs.harvard.edu/abs/1999RaSc...34..817C},
  adsnote = {Provided by the SAO/NASA Astrophysics Data System}
}


@ARTICLE{Lo_1998,
   author = {{Lo}, K.~Y. and {Shen}, Z.-Q. and {Zhao}, J.-H. and {Ho}, P.~T.~P.
	},
    title = "{Intrinsic Size of Sagittarius A*: 72 Schwarzschild Radii}",
  journal = {\apjl},
   eprint = {astro-ph/9809222},
 keywords = {GALAXIES: ACTIVE, GALAXY: CENTER, SCATTERING, Galaxies: Active, Galaxy: Center, Scattering},
     year = 1998,
    month = nov,
   volume = 508,
    pages = {L61-L64},
      doi = {10.1086/311726},
   adsurl = {http://adsabs.harvard.edu/abs/1998ApJ...508L..61L},
  adsnote = {Provided by the SAO/NASA Astrophysics Data System}
}

@ARTICLE{Linfield_1998,
   author = {{Linfield}, R.~P.},
    title = "{Effect of aperture averaging upon tropospheric phase fluctuations seen with a radio antenna}",
  journal = {Radio Science},
 keywords = {Radio Science: Radio wave propagation},
     year = 1998,
    month = sep,
   volume = 33,
    pages = {1353-1359},
      doi = {10.1029/98RS02316},
   adsurl = {http://adsabs.harvard.edu/abs/1998RaSc...33.1353L},
  adsnote = {Provided by the SAO/NASA Astrophysics Data System}
}

@ARTICLE{Krichbaum_1998,
   author = {{Krichbaum}, T.~P. and {Graham}, D.~A. and {Witzel}, A. and 
	{Greve}, A. and {Wink}, J.~E. and {Grewing}, M. and {Colomer}, F. and 
	{de Vicente}, P. and {Gomez-Gonzalez}, J. and {Baudry}, A. and 
	{Zensus}, J.~A.},
    title = "{VLBI observations of the galactic center source SGR A* at 86 GHz and 215 GHz}",
  journal = {\aap},
 keywords = {GALAXY: CENTER, GALAXIES: INDIVIDUAL: SGR A*, SCATTERING, TECHNIQUES: INTERFEROMETRY, VLBI},
     year = 1998,
    month = jul,
   volume = 335,
    pages = {L106-L110},
   adsurl = {http://adsabs.harvard.edu/abs/1998A%26A...335L.106K},
  adsnote = {Provided by the SAO/NASA Astrophysics Data System}
}

@ARTICLE{Falcke_1998,
   author = {{Falcke}, H.},
    title = "{Results of and prospects for mm-interferometry observations of the Galactic Center supermassive black hole candidate SGR A*}",
booktitle = {Astronomische Gesellschaft Meeting Abstracts},
     year = 1998,
   series = {Astronomische Gesellschaft Meeting Abstracts},
   volume = 14,
   editor = {{Schielicke}, R.~E.},
   adsurl = {http://adsabs.harvard.edu/abs/1998AGM....14..F07F},
  adsnote = {Provided by the SAO/NASA Astrophysics Data System}
}

@ARTICLE{Lay_1997,
   author = {{Lay}, O.~P.},
    title = "{The temporal power spectrum of atmospheric fluctuations due to water vapor}",
  journal = {\aaps},
 keywords = {ATMOSPHERIC EFFECTS, INSTRUMENTATION: INTERFEROMETERS, SITE TESTING, TECHNIQUES: INTERFEROMETRIC},
     year = 1997,
    month = may,
   volume = 122,
      doi = {10.1051/aas:1997154},
   adsurl = {http://adsabs.harvard.edu/abs/1997A%26AS..122..535L},
  adsnote = {Provided by the SAO/NASA Astrophysics Data System}
}

@ARTICLE{Rogers_1995,
   author = {{Rogers}, A.~E.~E. and {Doeleman}, S.~S. and {Moran}, J.~M.},
    title = "{Fringe detection methods for very long baseline arrays}",
  journal = {\aj},
 keywords = {Correlation Detection, Millimeter Waves, Radio Astronomy, Signal Detection, Signal Processing, Signal To Noise Ratios, Very Long Base Interferometry, Amplitudes, Analysis (Mathematics), Coherence Coefficient, Probability Distribution Functions, Sensitivity},
     year = 1995,
    month = mar,
   volume = 109,
    pages = {1391-1401},
      doi = {10.1086/117371},
   adsurl = {http://adsabs.harvard.edu/abs/1995AJ....109.1391R},
  adsnote = {Provided by the SAO/NASA Astrophysics Data System}
}

@ARTICLE{Garratt_1994,
   author = {{Garratt}, J.~R.},
    title = "{The Atmospheric Boundary Layer}",
booktitle = {The Atmospheric Boundary Layer, by J.~R.~Garratt, pp.~334.~ISBN 0521467454.~Cambridge, UK: Cambridge University Press, May 1994.},
     year = 1994,
    month = may,
    pages = {334},
   adsurl = {http://adsabs.harvard.edu/abs/1994abl..book.....G},
  adsnote = {Provided by the SAO/NASA Astrophysics Data System}
}

@ARTICLE{Narayan_1992,
   author = {{Narayan}, R.},
    title = "{The Physics of Pulsar Scintillation}",
  journal = {Philosophical Transactions of the Royal Society of London Series A},
     year = 1992,
    month = oct,
   volume = 341,
    pages = {151-165},
      doi = {10.1098/rsta.1992.0090},
   adsurl = {http://adsabs.harvard.edu/abs/1992RSPTA.341..151N},
  adsnote = {Provided by the SAO/NASA Astrophysics Data System}
}

@ARTICLE{Rickett_1990,
   author = {{Rickett}, B.~J.},
    title = "{Radio propagation through the turbulent interstellar plasma}",
  journal = {\araa},
 keywords = {Cosmic Plasma, Interstellar Matter, Radio Astronomy, Wave Propagation, Plasma Turbulence, Pulsars, Scintillation, Very Long Base Interferometry, Wave Scattering},
     year = 1990,
   volume = 28,
    pages = {561-605},
      doi = {10.1146/annurev.aa.28.090190.003021},
   adsurl = {http://adsabs.harvard.edu/abs/1990ARA%26A..28..561R},
  adsnote = {Provided by the SAO/NASA Astrophysics Data System}
}

@ARTICLE{Kulkarni_1989,
   author = {{Kulkarni}, S.~R.},
    title = "{Self-noise in interferometers - Radio and infrared}",
  journal = {\aj},
 keywords = {Infrared Interferometers, Noise Generators, Radio Interferometers, Signal To Noise Ratios, Synthetic Apertures, Covariance, Random Variables, Variance (Statistics), Very Large Array (Vla), Very Long Base Interferometry},
     year = 1989,
    month = sep,
   volume = 98,
    pages = {1112-1130},
      doi = {10.1086/115202},
   adsurl = {http://adsabs.harvard.edu/abs/1989AJ.....98.1112K},
  adsnote = {Provided by the SAO/NASA Astrophysics Data System}
}

@ARTICLE{Narayan_1989,
   author = {{Narayan}, R. and {Goodman}, J.},
    title = "{The shape of a scatter-broadened image. I - Numerical simulations and physical principles.}",
  journal = {\mnras},
 keywords = {Computational Astrophysics, Image Analysis, Image Processing, Light Scattering, Fourier Transformation, Scintillation Counters, Spectral Line Width, Telescopes, Very Long Base Interferometry},
     year = 1989,
    month = jun,
   volume = 238,
    pages = {963-1028},
      doi = {10.1093/mnras/238.3.963},
   adsurl = {http://adsabs.harvard.edu/abs/1989MNRAS.238..963N},
  adsnote = {Provided by the SAO/NASA Astrophysics Data System}
}

@ARTICLE{Treuhaft_1987,
   author = {{Treuhaft}, R.~N. and {Lanyi}, G.~E.},
    title = "{The effect of the dynamic wet troposphere on radio interferometric measurements}",
  journal = {Radio Science},
 keywords = {Atmospheric Attenuation, Atmospheric Moisture, Radio Interferometers, Statistical Analysis, Troposphere, Dynamic Models, Kolmogoroff Theory, Refractivity, Very Long Base Interferometry, Water Vapor},
     year = 1987,
    month = apr,
   volume = 22,
    pages = {251-265},
      doi = {10.1029/RS022i002p00251},
   adsurl = {http://adsabs.harvard.edu/abs/1987RaSc...22..251T},
  adsnote = {Provided by the SAO/NASA Astrophysics Data System}
}

@ARTICLE{Coulman_1985,
   author = {{Coulman}, C.~E.},
    title = "{Fundamental and applied aspects of astronomical 'seeing'}",
  journal = {\araa},
 keywords = {Astronomical Photometry, Atmospheric Optics, Optical Measurement, Astronomical Observatories, Atmospheric Correction, Atmospheric Refraction, Atmospheric Stratification, Image Processing, Interferometry, Meteorological Parameters, Planetary Boundary Layer, Site Selection},
     year = 1985,
   volume = 23,
    pages = {19-57},
      doi = {10.1146/annurev.aa.23.090185.000315},
   adsurl = {http://adsabs.harvard.edu/abs/1985ARA%26A..23...19C},
  adsnote = {Provided by the SAO/NASA Astrophysics Data System}
}

